<?xml version="1.0" encoding="UTF-8"?><collection xmlns="http://www.loc.gov/MARC21/slim"><record><leader>00571nam--2200193-u-4500</leader><controlfield tag="001">000056740</controlfield><controlfield tag="002">20181212</controlfield><controlfield tag="005">20181212052653</controlfield><controlfield tag="008">181212s1000------------r-----000-0-eng-d</controlfield><datafield ind1=" " ind2=" " tag="040"><subfield code="a">IFIN-HH</subfield></datafield><datafield ind1="0" ind2=" " tag="041"><subfield code="a">eng</subfield></datafield><datafield ind1="1" ind2=" " tag="100"><subfield code="a">Green, M</subfield></datafield><datafield ind1="1" ind2="0" tag="245"><subfield code="a">Superstrings '88. Proceedings of the Trieste Spring School 11-19 April 1988</subfield><subfield code="c">M. Green, M. Grisaru, R. Iengo, E. Sezgin, A. Strominger</subfield></datafield><datafield ind1=" " ind2=" " tag="260"><subfield code="a">Singapore</subfield><subfield code="b">World Scientific</subfield><subfield code="c">1989</subfield></datafield><datafield ind1=" " ind2=" " tag="300"><subfield code="a">V+471 p</subfield></datafield><datafield ind1=" " ind2=" " tag="500"><subfield code="a">Donatie Ioan Ursu</subfield></datafield><datafield ind1="1" ind2=" " tag="700"><subfield code="a">Strominger, A</subfield></datafield><datafield ind1=" " ind2=" " tag="852"><subfield code="a">82495</subfield><subfield code="c">I.U</subfield></datafield><datafield ind1=" " ind2=" " tag="CAT"><subfield code="a">SYS</subfield><subfield code="c">20181212</subfield><subfield code="h">052653</subfield></datafield></record></collection>